@book {Lipman2009,
	AUTHOR = {Lipman, Joseph and Hashimoto, Mitsuyasu},
	TITLE = {Foundations of {G}rothendieck duality for diagrams of schemes},
	SERIES = {Lecture Notes in Mathematics},
	VOLUME = {1960},
	PUBLISHER = {Springer-Verlag, Berlin},
	YEAR = {2009},
	PAGES = {x+478},
	ISBN = {978-3-540-85419-7},
	MRCLASS = {18-02 (14-02)},
	MRNUMBER = {2531717 (2010b:18001)},
	DOI = {10.1007/978-3-540-85420-3},
	URL = {http://dx.doi.org.offcampus.lib.washington.edu/10.1007/978-3-540-85420-3},
}
@book{Guillen1988,
    AUTHOR = {Guill{\'e}n, F. and Navarro Aznar, V. and Pascual Gainza, P.
    and Puerta, F.},
    TITLE = {Hyperr\'esolutions cubiques et descente cohomologique},
    SERIES = {Lecture Notes in Mathematics},
    VOLUME = {1335},
    NOTE = {Papers from the Seminar on Hodge-Deligne Theory held in
    Barcelona, 1982},
    PUBLISHER = {Springer-Verlag, Berlin},
    YEAR = {1988},
    PAGES = {xii+192},
    ISBN = {3-540-50023-5},
    MRCLASS = {14F20 (14F40 32G20 32L20)},
    MRNUMBER = {972983 (90a:14024)},
    MRREVIEWER = {Gerhard Pfister},
}
@book{Bruns1993,
    AUTHOR = {Bruns, Winfried and Herzog, J{\"u}rgen},
    TITLE = {Cohen-{M}acaulay rings},
    SERIES = {Cambridge Studies in Advanced Mathematics},
    VOLUME = {39},
    PUBLISHER = {Cambridge University Press, Cambridge},
    YEAR = {1993},
    PAGES = {xii+403},
    ISBN = {0-521-41068-1},
    MRCLASS = {13H10 (13-02)},
    MRNUMBER = {1251956 (95h:13020)},
    MRREVIEWER = {Matthew Miller},
}
@article{Bois1981,
author = {{Du Bois}, Phillippe},
file = {:C$\backslash$:/Users/gclen\_000/AppData/Local/Mendeley Ltd./Mendeley Desktop/Downloaded/Du Bois - 1981 - Complexe de de Rham filtr\'{e} d'une vari\'{e}t\'{e} singuli\`{e}re.pdf:pdf},
journal = {Bulletin de la Soci\'{e}t\'{e} Math\'{e}matique de France},
keywords = {du bois},
pages = {41--81},
title = {{Complexe de de Rham filtr\'{e} d'une vari\'{e}t\'{e} singuli\`{e}re}},
url = {https://eudml.org/doc/87404},
volume = {109},
year = {1981}
}
@article{Kovacs2011a,
archivePrefix = {arXiv},
arxivId = {arXiv:1107.2349v3},
author = {Kov\'{a}cs, S{\'a}ndor and Schwede, Karl},
eprint = {arXiv:1107.2349v3},
file = {:C$\backslash$:/Users/gclen\_000/AppData/Local/Mendeley Ltd./Mendeley Desktop/Downloaded/Kov\'{a}cs, Schwede - 2011 - Du Bois singularities deform.pdf:pdf},
journal = {arXiv preprint arXiv:1107.2349},
keywords = {0856185,and,and phrases,db singularities,deformation,du bois singularities,grant dms,gularities,in mathematics at the,in part by nsf,log canonical sin-,non-lc ideal,sarah merner endowed professorship,the craig mckibben and,the first named author,university of,was partially supported by},
pages = {1--11},
title = {{Du Bois singularities deform}},
url = {http://arxiv.org/abs/1107.2349},
year = {2011}
}
@book{Hartshorne1966,
    AUTHOR = {Hartshorne, Robin},
    TITLE = {Residues and duality},
    SERIES = {Lecture notes of a seminar on the work of A. Grothendieck,
    given at Harvard 1963/64. With an appendix by P. Deligne.
    Lecture Notes in Mathematics, No. 20},
    PUBLISHER = {Springer-Verlag, Berlin-New York},
    YEAR = {1966},
    PAGES = {vii+423},
    MRCLASS = {14.55},
    MRNUMBER = {0222093 (36 \#5145)},
    MRREVIEWER = {R. L. Knighten},
}
@article{Neeman1996,
author = {Neeman, Amnon},
file = {:C$\backslash$:/Users/gclen\_000/AppData/Local/Mendeley Ltd./Mendeley Desktop/Downloaded/Neeman - 1996 - The Grothendieck duality theorem via Bousfield's techniques and Brown representability.pdf:pdf},
journal = {Journal of the American Mathematical Society},
number = {1},
pages = {205--236},
title = {{The Grothendieck duality theorem via Bousfield's techniques and Brown representability}},
url = {http://www.ams.org/jams/1996-9-01/S0894-0347-96-00174-9/},
volume = {9},
year = {1996}
}
@article{Schwede2007,
author = {Schwede, Karl},
doi = {10.1112/S0010437X07003004},
file = {:C$\backslash$:/Users/gclen\_000/AppData/Local/Mendeley Ltd./Mendeley Desktop/Downloaded/Schwede - 2007 - A simple characterization of Du Bois singularities.pdf:pdf},
journal = {Compositio Mathematica},
keywords = {Du Bois,Singularities},
mendeley-tags = {Du Bois,Singularities},
number = {4},
pages = {813--828},
title = {{A simple characterization of Du Bois singularities}},
url = {http://journals.cambridge.org/production/action/cjoGetFulltext?fulltextid=1207976},
volume = {143},
year = {2007}
}
@misc{stacks,
shorthand = {Stacks},
author = {The {Stacks Project Authors}},
title = {{\itshape Stacks Project}},
howpublished = {\url{http://stacks.math.columbia.edu}},
year = {2015}
}
@article{Kovacs2011,
archivePrefix = {arXiv},
arxivId = {arXiv:0909.0993v1},
author = {Kov\'{a}cs, SJ and Schwede, Karl},
eprint = {arXiv:0909.0993v1},
file = {:C$\backslash$:/Users/gclen\_000/AppData/Local/Mendeley Ltd./Mendeley Desktop/Downloaded/Kov\'{a}cs, Schwede - 2011 - Hodge theory meets the minimal model program a survey of log canonical and Du Bois singularities.pdf:pdf},
journal = {Topology of Stratified Spaces},
keywords = {du bois,mmp,singularities},
mendeley-tags = {du bois,mmp,singularities},
number = {0502170},
title = {{Hodge theory meets the minimal model program: a survey of log canonical and Du Bois singularities}},
url = {http://books.google.com/books?hl=en\&lr=\&id=WeJ\_8IKlXqsC\&oi=fnd\&pg=PA51\&dq=Hodge+theory+meets+the+minimal+model+program:+a+survey+of+log+canonical+and+du+bois+singularities+\%C2\%B4+\%C2\%B4\&ots=LzzSp6VzAs\&sig=CoiIuuE8cG5Q2b4qUUbdueXSMFk},
year = {2011}
}
@article {Guillen2002,
	AUTHOR = {Guill{\'e}n, Francisco and Navarro Aznar, Vicente},
	TITLE = {Un crit\`ere d'extension des foncteurs d\'efinis sur les
	sch\'emas lisses},
	JOURNAL = {Publ. Math. Inst. Hautes \'Etudes Sci.},
	FJOURNAL = {Publications Math\'ematiques. Institut de Hautes \'Etudes
	Scientifiques},
	NUMBER = {95},
	YEAR = {2002},
	PAGES = {1--91},
	ISSN = {0073-8301},
	MRCLASS = {14F43 (14E15 18G99)},
	MRNUMBER = {1953190 (2004i:14020)},
	DOI = {10.1007/s102400200003},
	URL = {http://dx.doi.org/10.1007/s102400200003},
}
@article {Pascual2009,
	AUTHOR = {Pascual, Pere and Rubi{\'o} Pons, Lloren{\c{c}}},
	TITLE = {Algebraic {$K$}-theory and cubical descent},
	JOURNAL = {Homology, Homotopy Appl.},
	FJOURNAL = {Homology, Homotopy and Applications},
	VOLUME = {11},
	YEAR = {2009},
	NUMBER = {2},
	PAGES = {5--25},
	ISSN = {1532-0073},
	MRCLASS = {19D55 (14C35 18G50 18G60 19E08)},
	MRNUMBER = {2529230 (2010g:19002)},
	MRREVIEWER = {Jens Hornbostel},
	URL = {http://projecteuclid.org.offcampus.lib.washington.edu/euclid.hha/1251832590},
}
@article {Patakfalvi2013,
	AUTHOR = {Patakfalvi, Zsolt},
	TITLE = {Base change behavior of the relative canonical sheaf related
	to higher dimensional moduli},
	JOURNAL = {Algebra Number Theory},
	FJOURNAL = {Algebra \& Number Theory},
	VOLUME = {7},
	YEAR = {2013},
	NUMBER = {2},
	PAGES = {353--378},
	ISSN = {1937-0652},
	MRCLASS = {14D23 (14A15 14D06 14E30 14F10)},
	MRNUMBER = {3123642},
	MRREVIEWER = {I. Dolgachev},
	DOI = {10.2140/ant.2013.7.353},
	URL = {http://dx.doi.org.offcampus.lib.washington.edu/10.2140/ant.2013.7.353},
}
@article {Kovacs1999,
	AUTHOR = {Kov{\'a}cs, S{\'a}ndor},
	TITLE = {Rational, log canonical, {D}u {B}ois singularities: on the
	conjectures of {K}oll\'ar and {S}teenbrink},
	JOURNAL = {Compositio Math.},
	FJOURNAL = {Compositio Mathematica},
	VOLUME = {118},
	YEAR = {1999},
	NUMBER = {2},
	PAGES = {123--133},
	ISSN = {0010-437X},
	CODEN = {CMPMAF},
	MRCLASS = {14F17 (14B05 14C30)},
	MRNUMBER = {1713307 (2001g:14022)},
	MRREVIEWER = {Alessio Corti},
	DOI = {10.1023/A:1001120909269},
	URL = {http://dx.doi.org.offcampus.lib.washington.edu/10.1023/A:1001120909269},
}
@book {Kollar2013,
AUTHOR = {Koll{\'a}r, J{\'a}nos},
TITLE = {Singularities of the minimal model program},
SERIES = {Cambridge Tracts in Mathematics},
VOLUME = {200},
NOTE = {With a collaboration of S{\'a}ndor Kov{\'a}cs},
PUBLISHER = {Cambridge University Press, Cambridge},
YEAR = {2013},
PAGES = {x+370},
ISBN = {978-1-107-03534-8},
MRCLASS = {14E30 (14B05)},
MRNUMBER = {3057950},
MRREVIEWER = {Tommaso De Fernex},
DOI = {10.1017/CBO9781139547895},
URL = {http://dx.doi.org.offcampus.lib.washington.edu/10.1017/CBO9781139547895},
}
@article {kovacs2010,
	AUTHOR = {Kov{\'a}cs, S{\'a}ndor J. and Schwede, Karl and Smith, Karen
	E.},
	TITLE = {The canonical sheaf of {D}u {B}ois singularities},
	JOURNAL = {Adv. Math.},
	FJOURNAL = {Advances in Mathematics},
	VOLUME = {224},
	YEAR = {2010},
	NUMBER = {4},
	PAGES = {1618--1640},
	ISSN = {0001-8708},
	CODEN = {ADMTA4},
	MRCLASS = {14J17 (14B05 14E15 32C35 32L20 32S20)},
	MRNUMBER = {2646306 (2011m:14062)},
	MRREVIEWER = {Tom{\'a}s S{\'a}nchez-Giralda},
	DOI = {10.1016/j.aim.2010.01.020},
	URL = {http://dx.doi.org/10.1016/j.aim.2010.01.020},
}